%YAML 1.1
%TAG !u! tag:unity3d.com,2011:
--- !u!1001 &100100000
Prefab:
  m_ObjectHideFlags: 1
  serializedVersion: 2
  m_Modification:
    m_TransformParent: {fileID: 0}
    m_Modifications: []
    m_RemovedComponents: []
  m_ParentPrefab: {fileID: 0}
  m_RootGameObject: {fileID: 1967746407136880}
  m_IsPrefabParent: 1
--- !u!1 &1338178275868008
GameObject:
  m_ObjectHideFlags: 0
  m_PrefabParentObject: {fileID: 0}
  m_PrefabInternal: {fileID: 100100000}
  serializedVersion: 5
  m_Component:
  - component: {fileID: 4098171351327250}
  - component: {fileID: 33703264119551838}
  - component: {fileID: 136784083727832548}
  - component: {fileID: 23531660069677610}
  m_Layer: 0
  m_Name: Capsule
  m_TagString: Untagged
  m_Icon: {fileID: 0}
  m_NavMeshLayer: 0
  m_StaticEditorFlags: 0
  m_IsActive: 1
--- !u!1 &1967746407136880
GameObject:
  m_ObjectHideFlags: 0
  m_PrefabParentObject: {fileID: 0}
  m_PrefabInternal: {fileID: 100100000}
  serializedVersion: 5
  m_Component:
  - component: {fileID: 4394884057119216}
  - component: {fileID: 114355000213369286}
  - component: {fileID: 114965188111939632}
  - component: {fileID: 114726785366087754}
  - component: {fileID: 136962312735391522}
  - component: {fileID: 54746833367051398}
  m_Layer: 0
  m_Name: Enemy
  m_TagString: Untagged
  m_Icon: {fileID: 0}
  m_NavMeshLayer: 0
  m_StaticEditorFlags: 0
  m_IsActive: 0
--- !u!4 &4098171351327250
Transform:
  m_ObjectHideFlags: 1
  m_PrefabParentObject: {fileID: 0}
  m_PrefabInternal: {fileID: 100100000}
  m_GameObject: {fileID: 1338178275868008}
  m_LocalRotation: {x: 0, y: 0, z: 0, w: 1}
  m_LocalPosition: {x: 0, y: 1, z: 0}
  m_LocalScale: {x: 1, y: 1, z: 1}
  m_Children: []
  m_Father: {fileID: 4394884057119216}
  m_RootOrder: 0
  m_LocalEulerAnglesHint: {x: 0, y: 0, z: 0}
--- !u!4 &4394884057119216
Transform:
  m_ObjectHideFlags: 1
  m_PrefabParentObject: {fileID: 0}
  m_PrefabInternal: {fileID: 100100000}
  m_GameObject: {fileID: 1967746407136880}
  m_LocalRotation: {x: 0, y: 0, z: 0, w: 1}
  m_LocalPosition: {x: 0, y: 0, z: 0}
  m_LocalScale: {x: 1, y: 1, z: 1}
  m_Children:
  - {fileID: 4098171351327250}
  m_Father: {fileID: 0}
  m_RootOrder: 0
  m_LocalEulerAnglesHint: {x: 0, y: 0, z: 0}
--- !u!23 &23531660069677610
MeshRenderer:
  m_ObjectHideFlags: 1
  m_PrefabParentObject: {fileID: 0}
  m_PrefabInternal: {fileID: 100100000}
  m_GameObject: {fileID: 1338178275868008}
  m_Enabled: 1
  m_CastShadows: 1
  m_ReceiveShadows: 1
  m_DynamicOccludee: 1
  m_MotionVectors: 1
  m_LightProbeUsage: 1
  m_ReflectionProbeUsage: 1
  m_Materials:
  - {fileID: 2100000, guid: 1797f14ce98d5fb4c9a378ba97aa1964, type: 2}
  m_StaticBatchInfo:
    firstSubMesh: 0
    subMeshCount: 0
  m_StaticBatchRoot: {fileID: 0}
  m_ProbeAnchor: {fileID: 0}
  m_LightProbeVolumeOverride: {fileID: 0}
  m_ScaleInLightmap: 1
  m_PreserveUVs: 1
  m_IgnoreNormalsForChartDetection: 0
  m_ImportantGI: 0
  m_StitchLightmapSeams: 0
  m_SelectedEditorRenderState: 3
  m_MinimumChartSize: 4
  m_AutoUVMaxDistance: 0.5
  m_AutoUVMaxAngle: 89
  m_LightmapParameters: {fileID: 0}
  m_SortingLayerID: 0
  m_SortingLayer: 0
  m_SortingOrder: 0
--- !u!33 &33703264119551838
MeshFilter:
  m_ObjectHideFlags: 1
  m_PrefabParentObject: {fileID: 0}
  m_PrefabInternal: {fileID: 100100000}
  m_GameObject: {fileID: 1338178275868008}
  m_Mesh: {fileID: 10208, guid: 0000000000000000e000000000000000, type: 0}
--- !u!54 &54746833367051398
Rigidbody:
  m_ObjectHideFlags: 1
  m_PrefabParentObject: {fileID: 0}
  m_PrefabInternal: {fileID: 100100000}
  m_GameObject: {fileID: 1967746407136880}
  serializedVersion: 2
  m_Mass: 1
  m_Drag: 0
  m_AngularDrag: 0.05
  m_UseGravity: 1
  m_IsKinematic: 1
  m_Interpolate: 0
  m_Constraints: 0
  m_CollisionDetection: 0
--- !u!114 &114355000213369286
MonoBehaviour:
  m_ObjectHideFlags: 1
  m_PrefabParentObject: {fileID: 0}
  m_PrefabInternal: {fileID: 100100000}
  m_GameObject: {fileID: 1967746407136880}
  m_Enabled: 1
  m_EditorHideFlags: 0
  m_Script: {fileID: 11500000, guid: a151aca4144302448bf1799c5bd6fe84, type: 3}
  m_Name: 
  m_EditorClassIdentifier: 
  steeringBehaviours: []
--- !u!114 &114726785366087754
MonoBehaviour:
  m_ObjectHideFlags: 1
  m_PrefabParentObject: {fileID: 0}
  m_PrefabInternal: {fileID: 100100000}
  m_GameObject: {fileID: 1967746407136880}
  m_Enabled: 1
  m_EditorHideFlags: 0
  m_Script: {fileID: 11500000, guid: 6f22dad4f47735745b81b15337688465, type: 3}
  m_Name: 
  m_EditorClassIdentifier: 
  maxSpeed: 4
  maxForce: 1
--- !u!114 &114965188111939632
MonoBehaviour:
  m_ObjectHideFlags: 1
  m_PrefabParentObject: {fileID: 0}
  m_PrefabInternal: {fileID: 100100000}
  m_GameObject: {fileID: 1967746407136880}
  m_Enabled: 1
  m_EditorHideFlags: 0
  m_Script: {fileID: 11500000, guid: fa666a52c646d364293342804a4705b5, type: 3}
  m_Name: 
  m_EditorClassIdentifier: 
  maxSpeed: 4
  maxForce: 3
  separationDistance: 1
--- !u!136 &136784083727832548
CapsuleCollider:
  m_ObjectHideFlags: 1
  m_PrefabParentObject: {fileID: 0}
  m_PrefabInternal: {fileID: 100100000}
  m_GameObject: {fileID: 1338178275868008}
  m_Material: {fileID: 0}
  m_IsTrigger: 0
  m_Enabled: 1
  m_Radius: 0.5
  m_Height: 2
  m_Direction: 1
  m_Center: {x: 0, y: 0, z: 0}
--- !u!136 &136962312735391522
CapsuleCollider:
  m_ObjectHideFlags: 1
  m_PrefabParentObject: {fileID: 0}
  m_PrefabInternal: {fileID: 100100000}
  m_GameObject: {fileID: 1967746407136880}
  m_Material: {fileID: 0}
  m_IsTrigger: 0
  m_Enabled: 1
  m_Radius: 0.5
  m_Height: 2
  m_Direction: 1
  m_Center: {x: 0, y: 1, z: 0}
